
@article{awschalomDevelopmentQuantumInterconnects2021,
  title = {Development of {{Quantum Interconnects}} ({{QuICs}}) for {{Next}}-{{Generation Information Technologies}}},
  author = {Awschalom, David and others},
  year = {2021},
  month = feb,
  volume = {2},
  pages = {017002},
  issn = {2691-3399},
  doi = {10.1103/PRXQuantum.2.017002},
  file = {/Users/jim/Zotero/storage/396T282Y/Awschalom et al. - 2021 - Development of Quantum Interconnects (QuICs) for N.pdf},
  journal = {PRX Quantum},
  language = {en},
  number = {1}
}

@article{seyfferleSignaturesSinglephotonInteraction2018,
  title = {Signatures of Single-Photon Interaction between Two Quantum Dots Located in Different Cavities of a Weakly Coupled Double Microdisk Structure},
  author = {Seyfferle, S. and Hargart, F. and Jetter, M. and Hu, E. and Michler, P.},
  year = {2018},
  month = jan,
  volume = {97},
  pages = {035302},
  issn = {2469-9950, 2469-9969},
  doi = {10.1103/PhysRevB.97.035302},
  file = {/Users/jim/Zotero/storage/FQRNUD9V/Seyfferle et al. - 2018 - Signatures of single-photon interaction between tw.pdf},
  journal = {Physical Review B},
  language = {en},
  number = {3}
}


