
@misc{DepartmentPhysicsEberly,
  title = {Department of {{Physics}} | {{Eberly College}} of {{Science}}},
  file = {/Users/jim/Zotero/storage/S2CJZJEU/physics.html},
  howpublished = {https://science.psu.edu/physics}
}

@misc{SearchArXivEprint,
  title = {Search | {{arXiv}} E-Print Repository},
  file = {/Users/jim/Zotero/storage/3HLTJVSW/physics.html},
  howpublished = {https://arxiv.org/search/physics}
}


