
@article{olintoPOEMMAProbeExtreme2019,
  title = {The {{POEMMA}} ({{Probe}} of {{Extreme Multi}}-{{Messenger Astrophysics}}) Mission},
  author = {Olinto, A. V. and Adams, J. H. and Aloisio, R. and Anchordoqui, L. A. and Bergman, D. R. and Bertaina, M. E. and Bertone, P. and Bisconti, F. and Bustamante, M. and Casolino, M. and Christl, M. J. and Cummings, A. L. and De Mitri, I. and Diesing, R. and Eser, J. B. and Fenu, F. and Gu{\'e}pin, C. and Hays, E. A. and Judd, E. and Krizmanic, J. F. and Kuznetsov, E. and Liberatore, A. and Mackovjak, S. and McEnery, J. and Mitchell, J. W. and Neronov, A. and Oikonomou, F. and Otte, A. N. and Parizot, E. and Paul, T. C. and Perkins, J. S. and Pr{\'e}v{\^o}t, G. and Reardon, P. and Reno, M. H. and Ricci, M. and Sarazin, F. and Shinozaki, K. and Soriano, J. F. and Stecker, F. and Takizawa, Y. and Ulrich, R. and Unger, M. and Venters, T. and Wiencke, L. and Young, R. M.},
  year = {2019},
  month = sep,
  abstract = {The Probe Of Extreme Multi-Messenger Astrophysics (POEMMA) is designed to observe cosmic neutrinos (CNs) above 20 PeV and ultra-high energy cosmic rays (UHECRs) above 20 EeV over the full sky. The POEMMA mission calls for two identical satellites flying in loose formation, each comprised of a 4-meter wide field-of-view (45 degrees) Schmidt photometer. The hybrid focal surface includes a fast (1 \$\{\textbackslash mu\}\$s) ultraviolet camera for fluorescence observations and an ultrafast (10 ns) optical camera for Cherenkov observations. POEMMA will provide new multi-messenger windows onto the most energetic events in the universe, enabling the study of new astrophysics and particle physics at these otherwise inaccessible energies.},
  archiveprefix = {arXiv},
  eprint = {1909.09466},
  eprinttype = {arxiv},
  file = {/Users/jim/Zotero/storage/SUEWCIYV/Olinto et al. - 2019 - The POEMMA (Probe of Extreme Multi-Messenger Astro.pdf},
  journal = {arXiv:1909.09466 [astro-ph, physics:hep-ex]},
  keywords = {Astrophysics - High Energy Astrophysical Phenomena,Astrophysics - Instrumentation and Methods for Astrophysics,High Energy Physics - Experiment},
  language = {en},
  primaryclass = {astro-ph, physics:hep-ex}
}

@article{olintoPOEMMAProbeExtreme2020,
  title = {The {{POEMMA}} ({{Probe}} of {{Extreme Multi}}-{{Messenger Astrophysics}}) {{Observatory}}},
  author = {Olinto, A. V. and Krizmanic, J. and Adams, J. H. and Aloisio, R. and Anchordoqui, L. A. and Anzalone, A. and Bagheri, M. and Barghini, D. and Battisti, M. and Bergman, D. R. and Bertaina, M. E. and Bertone, P. F. and Bisconti, F. and Bustamante, M. and Cafagna, F. and Caruso, R. and Casolino, M. and {\v C}ern{\'y}, K. and Christl, M. J. and Cummings, A. L. and De Mitri, I. and Diesing, R. and Engel, R. and Eser, J. and Fang, K. and Fenu, F. and Filippatos, G. and Gazda, E. and Guepin, C. and Haungs, A. and Hays, E. A. and Judd, E. G. and Klimov, P. and Kungel, V. and Kuznetsov, E. and Mackovjak, {\v S} and Mand{\'a}t, D. and Marcelli, L. and McEnery, J. and {Medina-Tanco}, G. and Merenda, K.-D. and Meyer, S. S. and Mitchell, J. W. and Miyamoto, H. and Nachtman, J. M. and Neronov, A. and Oikonomou, F. and Onel, Y. and Osteria, G. and Otte, A. N. and Parizot, E. and Paul, T. and Pech, M. and Perkins, J. S. and Picozza, P. and Piotrowski, L. W. and Plebaniak, Z. and Pr{\'e}v{\^o}t, G. and Reardon, P. and Reno, M. H. and Ricci, M. and Matamala, O. Romero and Sarazin, F. and Schov{\'a}nek, P. and Scotti, V. and Shinozaki, K. and Soriano, J. F. and Stecker, F. and Takizawa, Y. and Ulrich, R. and Unger, M. and Venters, T. M. and Wiencke, L. and Winn, D. and Young, R. M. and Zotov, M.},
  year = {2020},
  month = dec,
  abstract = {The Probe Of Extreme Multi-Messenger Astrophysics (POEMMA) is designed to accurately observe ultra-high-energy cosmic rays (UHECRs) and cosmic neutrinos from space with sensitivity over the full celestial sky. POEMMA will observe the extensive air showers (EASs) from UHECRs and UHE neutrinos above 20 EeV via air fluorescence. Additionally, POEMMA will observe the Cherenkov signal from upward-moving EASs induced by Earth-interacting tau neutrinos above 20 PeV. The POEMMA spacecraft are designed to quickly re-orientate to follow up transient neutrino sources and obtain unparalleled neutrino flux sensitivity. Developed as a NASA Astrophysics Probe-class mission, POEMMA consists of two identical satellites flying in loose formation in 525 km altitude orbits. Each POEMMA instrument incorporates a wide field-of-view (45\$\^\textbackslash circ\$) Schmidt telescope with over 6 m\$\^2\$ of collecting area. The hybrid focal surface of each telescope includes a fast (1\textasciitilde\$\textbackslash mu\$s) near-ultraviolet camera for EAS fluorescence observations and an ultrafast (10\textasciitilde ns) optical camera for Cherenkov EAS observations. In a 5-year mission, POEMMA will provide measurements that open new multi-messenger windows onto the most energetic events in the universe, enabling the study of new astrophysics and particle physics at these otherwise inaccessible energies.},
  archiveprefix = {arXiv},
  eprint = {2012.07945},
  eprinttype = {arxiv},
  file = {/Users/jim/Zotero/storage/ULJKLGRA/Olinto et al. - 2020 - The POEMMA (Probe of Extreme Multi-Messenger Astro.pdf},
  journal = {arXiv:2012.07945 [astro-ph, physics:hep-ex]},
  keywords = {Astrophysics - High Energy Astrophysical Phenomena,Astrophysics - Instrumentation and Methods for Astrophysics,High Energy Physics - Experiment},
  language = {en},
  primaryclass = {astro-ph, physics:hep-ex}
}


