
@article{apuzzoFormerEspionageSuspect2017,
  title = {Former {{Espionage Suspect Sues}}, {{Accusing F}}.{{B}}.{{I}}. of {{Falsifying Evidence}} ({{Published}} 2017)},
  author = {Apuzzo, Matt},
  year = {2017},
  month = may,
  issn = {0362-4331},
  abstract = {In a lawsuit that is a sharp rejoinder to a crackdown on Chinese spies, a physics professor alleged that an F.B.I. agent ignored repeated warnings that he was innocent.},
  chapter = {U.S.},
  file = {/Users/jim/Zotero/storage/9DV3AZ7P/fbi-xi-xiaoxing.html},
  journal = {The New York Times},
  keywords = {China,Chinese-Americans,Federal Bureau of Investigation,Industrial Espionage,Suits and Litigation (Civil),Xi Xiaoxing (1957- )},
  language = {en-US}
}

@article{conteTemplePhysicsProfessor2019,
  title = {Temple Physics Professor to Win Prize for Activism},
  author = {Conte, Hal},
  year = {2019},
  month = nov,
  abstract = {After being wrongfully accused by the FBI of spying, Xiaoxing Xi now speaks up for other researchers.},
  chapter = {News},
  file = {/Users/jim/Zotero/storage/WMVVQMM4/temple-physics-professor-to-win-prize-for-activism.html},
  journal = {The Temple News},
  language = {en-US}
}

@article{dougallPhysicsProfessorWrongly,
  title = {Physics Professor Wrongly Accused of Espionage Talks {{US}}-{{China}} Relations, Anti-{{Asian}} Sentiment},
  author = {Dougall, Jared},
  abstract = {In May 2015, the FBI raided the Philadelphia home of Xiaoxing Xi, a respected academic and chair of Temple University's physics department. He was arrested and taken away to be interrogated. United States prosecutors accused him of being a Chinese spy and funneling sensitive information out of the country.~In Sept.},
  file = {/Users/jim/Zotero/storage/LE95FFNT/physics-professor-accused-espionage-talks-us-china-relations-anti-asian.html},
  journal = {The Michigan Daily},
  language = {en}
}


