
@article{acharyaTransverseMomentumDependent2021,
  title = {Transverse Momentum Dependent Forward Neutron Single Spin Asymmetries in Transversely Polarized \$p\$\$+\$\$p\$ Collisions at \$\textbackslash sqrt\{s\}=200\$ {{GeV}}},
  author = {Acharya, U. A. and Aidala, C. and Akiba, Y. and Alfred, M. and Cervantes, R. and Choi, I. J. and Choi, J. B. and Citron, Z. and Connors, M. and Corliss, R. and Cronin, N. and Csan{\'a}d, M. and Cs{\"o}rg{\H o}, T. and Danley, T. W. and David, G. and DeBlasio, K. and Dehmelt, K. and Denisov, A. and Deshpande, A. and Desmond, E. J. and Dion, A. and Dixit, D. and Do, J. H. and Drees, A. and Drees, K. A. and Durham, J. M. and Durum, A. and Enokizono, A. and En'yo, H. and Esha, R. and Esumi, S. and Fadem, B. and Fan, W. and Feege, N. and Fields, D. E. and Finger, M. and Finger, Jr and Firak, D. and Fitzgerald, D. and Fokin, S. L. and Frantz, J. E. and Franz, A. and Frawley, A. D. and Gal, C. and Gallus, P. and Garg, P. and Ge, H. and Giles, M. and Giordano, F. and Goto, Y. and Greene, S. V. and Perdekamp, M. Grosse and Gunji, T. and Guragain, H. and Hachiya, T. and Haggerty, J. S. and Hahn, K. I. and Hamagaki, H. and Hamilton, H. F. and Han, S. Y. and Hanks, J. and Hasegawa, S. and Haseler, T. O. S. and He, X. and Hemmick, T. K. and Hill, J. C. and Hill, K. and Hollis, R. S. and Homma, K. and Hong, B. and Hoshino, T. and Hotvedt, N. and Huang, S. and Imai, K. and Inaba, M. and Iordanova, A. and Ivanishchev, D. and Jacak, B. V. and Ji, Z. and Jiang, X. and Johnson, B. M. and Jouan, D. and Jumper, D. S. and Kang, J. H. and Kapukchyan, D. and Karthas, S. and Kawall, D. and Kazantsev, A. V. and Khachatryan, V. and Khanzadeev, A. and Kim, C. and Kim, E.-J. and Kim, M. and Kincses, D. and Kingan, A. and Kistenev, E. and Klatsky, J. and Kline, P. and Koblesky, T. and Kudo, S. and Kurgyis, B. and Kurita, K. and Kwon, Y. and Lajoie, J. G. and Larionova, D. and Larionova, M. and Lee, S. and Leitch, M. J. and Leung, Y. H. and Lewis, N. A. and Lim, S. H. and Liu, M. X. and Loggins, V.-R. and L{\"o}k{\"o}s, S. and Lovasz, K. and Majoros, T. and Makdisi, Y. I. and Makek, M. and Manko, V. I. and Mannel, E. and McGaughey, P. L. and McGlinchey, D. and McKinney, C. and Mendoza, M. and Metzger, W. J. and Mignerey, A. C. and Milov, A. and Mishra, D. K. and Mitrankov, Iu and Mitsuka, G. and Miyasaka, S. and Mizuno, S. and Montuenga, P. and Moon, T. and Morrison, D. P. and Morrow, S. I. and Mulilo, B. and Murata, J. and Nagai, K. and Nagashima, K. and Nagashima, T. and Nakagawa, I. and Nakano, K. and Nattrass, C. and Nelson, S. and Niida, T. and Nouicer, R. and Nov{\'a}k, T. and Novitzky, N. and O'Brien, E. and Ogilvie, C. A. and Koop, J. D. Orjuela and Osborn, J. D. and Oskarsson, A. and Ottino, G. J. and Ozawa, K. and Pantuev, V. and Papavassiliou, V. and Park, J. S. and Park, S. and Peng, W. and Perepelitsa, D. V. and Perera, G. D. N. and Peressounko, D. Yu and PerezLara, C. E. and Perry, J. and Phipps, M. and Pinkenburg, C. and Pisani, R. P. and Potekhin, M. and Pun, A. and Purschke, M. L. and Radzevich, P. V. and Ramasubramanian, N. and Read, K. F. and Reynolds, D. and Riabov, V. and Riabov, Y. and Rinn, T. and Rosati, M. and Rowan, Z. and Runchey, J. and Safonov, A. S. and Sakaguchi, T. and Sako, H. and Samsonov, V. and Sarsour, M. and Sato, S. and Schaefer, B. and Schmoll, B. K. and Sedgwick, K. and Seidl, R. and Sen, A. and Seto, R. and Sexton, A. and Sharma, D. and Sharma, D. and Shein, I. and Shibata, T.-A. and Shigaki, K. and Shimomura, M. and Shioya, T. and Shukla, P. and Sickles, A. and Silva, C. L. and Silvermyr, D. and Singh, B. K. and Singh, C. P. and Singh, V. and Slune{\v c}ka, M. and Smith, K. L. and Snowball, M. and Soltz, R. A. and Sondheim, W. E. and Sorensen, S. P. and Sourikova, I. V. and Stankus, P. W. and Stoll, S. P. and Sugitate, T. and Sukhanov, A. and Sumita, T. and Sun, J. and Sun, X. and Sun, Z. and Sziklai, J. and Tanida, K. and Tannenbaum, M. J. and Tarafdar, S. and Tarnai, G. and Tieulent, R. and Timilsina, A. and Todoroki, T. and Tom{\'a}{\v s}ek, M. and Towell, C. L. and Towell, R. S. and Ueda, Y. and Ujvari, B. and {van Hecke}, H. W. and Velkovska, J. and Virius, M. and Vrba, V. and Vukman, N. and Wang, X. R. and Watanabe, Y. S. and Wong, C. P. and Woody, C. L. and Wu, Y. and Xu, C. and Xu, Q. and Yalcin, S. and Yamaguchi, Y. L. and Yamamoto, H. and Yanovich, A. and Yoo, J. H. and Yoon, I. and Yu, H. and Yushmanov, I. E. and Zajc, W. A. and Zelenski, A. and Zhai, Y. and Zharko, S. and Zou, L.},
  year = {2021},
  month = feb,
  volume = {103},
  pages = {032007},
  issn = {2470-0010, 2470-0029},
  doi = {10.1103/PhysRevD.103.032007},
  abstract = {In 2015, the PHENIX collaboration has measured very forward (\$\textbackslash eta{$>$}6.8\$) single-spin asymmetries of inclusive neutrons in transversely polarized proton-proton and proton-nucleus collisions at a center of mass energy of 200 GeV. A previous publication from this data set concentrated on the nuclear dependence of such asymmetries. In this measurement the explicit transverse-momentum dependence of inclusive neutron single spin asymmetries for proton-proton collisions is extracted using a bootstrapping-unfolding technique on the transverse momenta. This explicit transverse-momentum dependence will help improve the understanding of the mechanisms that create these asymmetries.},
  archiveprefix = {arXiv},
  eprint = {2011.14187},
  eprinttype = {arxiv},
  file = {/Users/jim/Zotero/storage/GNGIVCZS/Acharya et al. - 2021 - Transverse momentum dependent forward neutron sing.pdf},
  journal = {Physical Review D},
  keywords = {High Energy Physics - Experiment},
  language = {en},
  number = {3}
}

@article{khalekScienceRequirementsDetector2021,
  title = {Science {{Requirements}} and {{Detector Concepts}} for the {{Electron}}-{{Ion Collider}}: {{EIC Yellow Report}}},
  shorttitle = {Science {{Requirements}} and {{Detector Concepts}} for the {{Electron}}-{{Ion Collider}}},
  author = {Khalek, R. Abdul and Accardi, A. and Adam, J. and Adamiak, D. and Colella, D. and Collins II, J. L. and Constantinou, M. and Contin, G. and Courtoy, A. and Crafts, J. and {Cruz-Torres}, R. and Cuevas, R. C. and D'Alesio, U. and Torre, S. Dalla and Das, D. and Da Silva, C. and Deconinck, W. and Defurne, M. and Dehmelt, K. and Del Dotto, A. and Delcarro, F. and Deshpande, A. and Detmold, W. and De Vita, R. and Diefenthaler, M. and Dilks, C. and Dixit, D. U. and Dulat, S. and Dumitru, A. and Dupr{\'e}, R. and Durham, J. M. and Echevarria, M. G. and Fassi, L. El and Elia, D. and Esha, R. and Ethier, J. J. and Evdokimov, O. and Eyser, K. O. and Fanelli, C. and Fatemi, R. and Fazio, S. and {Fernandez-Ramirez}, C. and Finger, M. and {Finger jr.}, M. and Fitzgerald, D. and Flore, C. and Frederico, T. and Fri{\v s}{\v c}i{\'c}, I. and Furletov, S. and Furletova, Y. and Gamberg, L. and Gao, H. and Gates, K. and Gericke, M. and Girod, F.-X. and Glazier, D. I. and Gnanvo, K. and Goncalves, V. P. and Gonella, L. and Hernandez, J. O. Gonzalez and Grancagnolo, F. and Greiner, L. C. and Guryn, W. and Guzey, V. and Hatta, Y. and Hattawy, M. and Hauenstein, F. and He, X. and Higinbotham, D. W. and Blin, A. N. Hiller and Hobbs, T. J. and Horn, T. and Hou, T.-J. and Huang, J. and Huang, Q. and Huber, G. M. and Iakovidis, G. and Ilieva, Y. and Jacak, B. V. and Jacobs, P. M. and Jadhav, M. and Janoska, Z. and Jentsch, A. and Jezo, T. and Jing, X. and Jones, P. G. and Joosten, S. and Kalantarians, N. and Kang, D. and Kang, Z. B. and Kauder, K. and Kay, S. J. D. and Keppel, C. E. and Kim, J. and Kiselev, A. and Klein, S. and Klest, H. T. and Korchak, O. and Kotko, P. and Kuleshov, S. and Kumano, S. and Kumar, K. S. and Kumar, R. and Kumar, L. and Kumeri{\v c}ki, K. and Kusina, A. and Lai, Y. S. and Lalwani, K. and Lappi, T. and Lauret, J. and Lee, C. and Lee, S. H. and Levorato, S. and Li, H. and Li, X. and Li, X. and Li, W. B. and Ligonzo, T. and Liu, H. and Liu, M. X. and Liuti, S. and Liyanage, N. and Lorc{\'e}, C. and Lu, Z. and Lukow, N. S. and Lunghi, E. and Majka, R. and Makris, Y. and Mandjavidze, I. and M{\"a}ntysaari, H. and Marhauser, F. and Marsicano, L. and Mathieu, V. and Meziani, Z.-E. and Mezrag, C. and Mihovilovi{\v c}, M. and Mirazita, M. and Mkrtchyan, H. and Moiseev, V. and Mondal, M. M. and Morreale, A. and Morrison, D. and Motyka, L. and Moutarde, H. and Musico, P. and {Nadel-Turonski}, P. and Nadolsky, P. M. and Nam, J. and Nguyen, D. and Nocera, E. R. and Noferini, F. and Noto, F. and Nunes, A. S. and Okorokov, V. A. and Osborn, J. D. and Page, B. S. and Parker, A. and Pecar, C. and Pegg, I. L. and Pellegrino, C. and Peng, C. and Pentchev, L. and Petriello, F. and Pilloni, A. and Pire, B. and Pisano, C. and Poblaguev, A. A. and Polakovic, T. and Posik, M. and Potekhin, M. and Preghenella, R. and Preins, S. and Prokudin, A. and Pujahari, P. and Purschke, M. L. and Radici, M. and Rinaldi, M. and Ringer, F. and Rodini, S. and Rojo, J. and Romanov, D. and Rossi, P. and Santopinto, E. and Sarsour, M. and Sassot, R. and Sato, N. and Schenke, B. and Schmidke, W. B. and Schmidt, I. and Schmidt, A. and Schmookler, B. and Schnell, G. and Schweitzer, P. and Schwiening, J. and Scimemi, I. and Scopetta, S. and Segovia, J. and Seidl, R. and Sekula, S. and {Semenov-Tian-Shanskiy}, K. and Shao, D. Y. and Sherrill, N. and Sichtermann, E. and Siddikov, M. and Signori, A. and {\v S}irca, S. and Slifer, K. and Slominski, W. and Sokhan, D. and Sondheim, W. E. and Song, Y. and Soto, O. and Spiesberger, H. and Stasto, A. M. and Stepanov, P. and Sterman, G. and Stewart, I. W. and Strakovsky, I. and Strikman, M. and Sturm, M. and Stutzman, M. L. and Surrow, B. and Svihra, P. and Syritsyn, S. and Szczepaniak, A. and Sznajder, P. and {Szumila-Vance}, H. and Tadepalli, A. S. and Takaki, J. D. Tapia and Tassielli, G. F. and Terry, J. and Tessarotto, F. and Tomasek, L. and Acosta, F. Torales and Tricoli, A. and Triloki and Trotta, R. L. and Tsai, O. D. and Tu, Z. and Tuv{\`e}, C. and Ullrich, T. and Ungaro, M. and Urciuoli, G. M. and Valentini, A. and Vandenbroucke, M. and Van Hulse, C. and Varner, G. and Vladimirov, A. and Volpe, G. and Voutier, E. and Wagner, J. and Wallon, S. and Wei, S. Y. and Weiss, C. and Wenaus, T. and Wikramanayake, A. and Wong, C. P. and Woody, C. and Xia, L. and Xiao, B. W. and Xie, J. and Xing, H. and Xu, Q. H. and Zhang, J. and Zhang, Z. and Zhao, Z. W. and Zhao, Y. X. and Zhou, Y.},
  year = {2021},
  month = mar,
  abstract = {This report describes the physics case, the resulting detector requirements, and the evolving detector concepts for the experimental program at the Electron-Ion Collider (EIC). The EIC will be a powerful new high-luminosity facility in the United States with the capability to collide high-energy electron beams with high-energy proton and ion beams, providing access to those regions in the nucleon and nuclei where their structure is dominated by gluons. Moreover, polarized beams in the EIC will give unprecedented access to the spatial and spin structure of the proton, neutron, and light ions. The studies leading to this document were commissioned and organized by the EIC User Group with the objective of advancing the state and detail of the physics program and developing detector concepts that meet the emerging requirements in preparation for the realization of the EIC. The effort aims to provide the basis for further development of concepts for experimental equipment best suited for the science needs, including the importance of two complementary detectors and interaction regions. This report consists of three volumes. Volume I is an executive summary of our findings and developed concepts. In Volume II we describe studies of a wide range of physics measurements and the emerging requirements on detector acceptance and performance. Volume III discusses general-purpose detector concepts and the underlying technologies to meet the physics requirements. These considerations will form the basis for a world-class experimental program that aims to increase our understanding of the fundamental structure of all visible matter},
  archiveprefix = {arXiv},
  eprint = {2103.05419},
  eprinttype = {arxiv},
  file = {/Users/jim/Zotero/storage/2854QTLQ/Khalek et al. - 2021 - Science Requirements and Detector Concepts for the.pdf},
  journal = {arXiv:2103.05419 [hep-ex, physics:hep-ph, physics:nucl-ex, physics:nucl-th, physics:physics]},
  keywords = {High Energy Physics - Experiment,High Energy Physics - Phenomenology,Nuclear Experiment,Nuclear Theory,Physics - Instrumentation and Detectors},
  language = {en},
  primaryclass = {hep-ex, physics:hep-ph, physics:nucl-ex, physics:nucl-th, physics:physics}
}

@article{maireIntroductionQuarkGluonPlasma2015,
  title = {Introduction to the {{Quark}}-{{Gluon Plasma}} Session in {{RJC}} 2014},
  author = {Maire, Antonin},
  year = {2015},
  month = jun,
  abstract = {This contribution is a brief introduction to the physics of Quark-Gluon Plasma (QGP); the intention is to set the stage for the corresponding session proceedings of the "Rencontre Jeunes Chercheurs 2014". The text consists in a description of the Bjorken scenario of a heavy-ion collision followed by the introduction of the notion of hard probe for QGP studies.},
  archiveprefix = {arXiv},
  eprint = {1506.03683},
  eprinttype = {arxiv},
  file = {/Users/jim/Zotero/storage/2CCD2U2R/Maire - 2015 - Introduction to the Quark-Gluon Plasma session in .pdf},
  journal = {arXiv:1506.03683 [hep-ex]},
  keywords = {High Energy Physics - Experiment},
  language = {en},
  primaryclass = {hep-ex}
}


