
@article{bertschingerAdvancingRespectfulCaring,
  title = {Advancing a {{Respectful}} and {{Caring Community}}: {{Learning}} by {{Doing}} at {{MIT}}},
  author = {Bertschinger, Edmund},
  pages = {132},
  file = {/Users/jim/Zotero/storage/3EU422TE/Bertschinger - Advancing a Respectful and Caring Community Learn.pdf},
  language = {en}
}

@misc{EdmundBertschingerAppointed,
  title = {Edmund {{Bertschinger}} Appointed as {{Institute Community}} and {{Equity Officer}}},
  abstract = {Physicist has a long track record of leadership on issues of community, equity, inclusion and diversity.},
  file = {/Users/jim/Zotero/storage/RXND3WPT/bertschinger-named-institute-community-and-equity-officer-0620.html},
  howpublished = {https://news.mit.edu/2013/bertschinger-named-institute-community-and-equity-officer-0620},
  journal = {MIT News | Massachusetts Institute of Technology},
  language = {en}
}

@misc{HomeInstituteCommunity,
  title = {Home | {{Institute Community}} \& {{Equity Office}}},
  file = {/Users/jim/Zotero/storage/9QTYX7DZ/diversity.mit.edu.html},
  howpublished = {https://diversity.mit.edu/}
}


